timestamp_ms,mid_price,bid,ask
1783793150588,78.02500000,78.02000000,78.03000000
1783793152733,78.02500000,78.02000000,78.03000000
1783793154783,78.01500000,78.01000000,78.02000000
1783793157848,78.00500000,78.00000000,78.01000000
1783793159989,78.00500000,78.00000000,78.01000000
1783793162047,78.00500000,78.00000000,78.01000000
1783793164093,77.98000000,77.97000000,77.99000000
1783793166237,77.98000000,77.97000000,77.99000000
1783793168374,77.98000000,77.97000000,77.99000000
1783793170512,77.98000000,77.97000000,77.99000000
1783793172562,77.96500000,77.96000000,77.97000000
1783793174933,77.97000000,77.96000000,77.98000000
1783793177072,77.97000000,77.96000000,77.98000000
1783793179124,77.97500000,77.97000000,77.98000000
1783793181265,77.97500000,77.97000000,77.98000000
1783793183398,77.98000000,77.97000000,77.99000000
1783793185541,77.98000000,77.97000000,77.99000000
1783793187672,77.98000000,77.97000000,77.99000000
1783793189819,77.98000000,77.97000000,77.99000000
1783793191873,77.98000000,77.97000000,77.99000000
1783793194007,77.98000000,77.97000000,77.99000000
1783793196136,77.98500000,77.98000000,77.99000000
1783793198288,77.98500000,77.98000000,77.99000000
1783793200424,77.98000000,77.97000000,77.99000000
1783793202484,77.98000000,77.97000000,77.99000000
1783793204634,77.98000000,77.97000000,77.99000000
1783793206765,77.98000000,77.97000000,77.99000000
1783793208905,77.98000000,77.97000000,77.99000000
1783793211034,77.98000000,77.97000000,77.99000000
1783793213166,77.98000000,77.97000000,77.99000000
1783793215295,77.98000000,77.97000000,77.99000000
1783793217429,77.98000000,77.97000000,77.99000000
1783793219568,77.98500000,77.98000000,77.99000000
1783793221619,78.00500000,78.00000000,78.01000000
1783793223752,78.01000000,78.00000000,78.02000000
1783793225885,78.01000000,78.00000000,78.02000000
1783793228021,78.01000000,78.00000000,78.02000000
1783793230158,78.00500000,78.00000000,78.01000000
1783793232293,78.00000000,77.99000000,78.01000000
1783793234448,77.99500000,77.99000000,78.00000000
1783793236574,77.99500000,77.99000000,78.00000000
1783793238717,77.99500000,77.99000000,78.00000000
1783793240859,77.99000000,77.98000000,78.00000000
1783793242995,77.99500000,77.99000000,78.00000000
1783793245134,77.99500000,77.99000000,78.00000000
1783793247273,77.99000000,77.98000000,78.00000000
1783793249415,77.99000000,77.98000000,78.00000000
1783793251555,77.99000000,77.98000000,78.00000000
1783793253694,77.99000000,77.98000000,78.00000000
1783793255844,77.99000000,77.98000000,78.00000000
1783793257989,77.99000000,77.98000000,78.00000000
1783793260144,77.99000000,77.98000000,78.00000000
1783793262293,77.99000000,77.98000000,78.00000000
1783793264429,77.99000000,77.98000000,78.00000000
1783793266570,77.97500000,77.97000000,77.98000000
1783793268710,77.97500000,77.97000000,77.98000000
1783793270853,77.97500000,77.97000000,77.98000000
1783793272995,77.96500000,77.96000000,77.97000000
1783793275137,77.96500000,77.96000000,77.97000000
1783793277270,77.96500000,77.96000000,77.97000000
1783793279439,77.96500000,77.96000000,77.97000000
1783793281575,77.96500000,77.96000000,77.97000000
1783793283698,77.96500000,77.96000000,77.97000000
1783793285853,77.97500000,77.97000000,77.98000000
1783793287984,77.97000000,77.96000000,77.98000000
1783793290131,77.97000000,77.96000000,77.98000000
1783793292264,77.96000000,77.95000000,77.97000000
1783793294400,77.96000000,77.95000000,77.97000000
1783793296534,77.96500000,77.96000000,77.97000000
1783793298671,77.97000000,77.96000000,77.98000000
1783793300816,77.97000000,77.96000000,77.98000000
1783793302949,77.97500000,77.97000000,77.98000000
1783793305088,77.97500000,77.97000000,77.98000000
1783793307216,77.97500000,77.97000000,77.98000000
1783793309366,77.97500000,77.97000000,77.98000000
1783793311511,77.97500000,77.97000000,77.98000000
1783793313661,77.97500000,77.97000000,77.98000000
1783793315794,77.97500000,77.97000000,77.98000000
1783793317930,77.97500000,77.97000000,77.98000000
1783793320059,77.97500000,77.97000000,77.98000000
1783793322210,77.97500000,77.97000000,77.98000000
1783793324336,77.97500000,77.97000000,77.98000000
1783793326475,77.97500000,77.97000000,77.98000000
1783793328530,77.97500000,77.97000000,77.98000000
1783793330669,77.97500000,77.97000000,77.98000000
1783793332813,77.97500000,77.97000000,77.98000000
1783793334957,77.98500000,77.98000000,77.99000000
1783793337097,77.98000000,77.97000000,77.99000000
1783793339145,77.97500000,77.97000000,77.98000000
1783793341286,77.97500000,77.97000000,77.98000000
1783793343435,77.97500000,77.97000000,77.98000000
1783793345564,77.97500000,77.97000000,77.98000000
1783793347638,77.97500000,77.97000000,77.98000000
1783793349769,77.97500000,77.97000000,77.98000000
1783793351903,77.97500000,77.97000000,77.98000000
1783793353961,77.97500000,77.97000000,77.98000000
1783793356084,77.98000000,77.97000000,77.99000000
1783793358221,77.98000000,77.97000000,77.99000000
1783793360356,77.97500000,77.97000000,77.98000000
1783793362488,77.97500000,77.97000000,77.98000000
1783793364553,77.97500000,77.97000000,77.98000000
1783793366924,77.97500000,77.97000000,77.98000000
1783793369059,77.97500000,77.97000000,77.98000000
1783793371199,77.97500000,77.97000000,77.98000000
1783793373339,77.97500000,77.97000000,77.98000000
1783793375486,77.97500000,77.97000000,77.98000000
1783793377619,77.97500000,77.97000000,77.98000000
1783793379663,77.97500000,77.97000000,77.98000000
1783793381798,77.97500000,77.97000000,77.98000000
1783793383840,77.97500000,77.97000000,77.98000000
1783793385982,77.97500000,77.97000000,77.98000000
1783793388124,77.97500000,77.97000000,77.98000000
1783793390165,77.97500000,77.97000000,77.98000000
1783793392527,77.97500000,77.97000000,77.98000000
1783793394575,77.97500000,77.97000000,77.98000000
1783793396713,77.97500000,77.97000000,77.98000000
1783793398836,77.97500000,77.97000000,77.98000000
1783793400887,77.97500000,77.97000000,77.98000000
1783793403028,77.97500000,77.97000000,77.98000000
1783793405174,77.97500000,77.97000000,77.98000000
1783793407297,77.97500000,77.97000000,77.98000000
1783793409350,77.97500000,77.97000000,77.98000000
1783793411481,77.97500000,77.97000000,77.98000000
1783793413623,77.97000000,77.96000000,77.98000000
1783793415756,77.97500000,77.97000000,77.98000000
1783793417887,77.97500000,77.97000000,77.98000000
1783793419936,77.97500000,77.97000000,77.98000000
1783793422074,77.97500000,77.97000000,77.98000000
1783793424130,77.97500000,77.97000000,77.98000000
1783793426261,77.97500000,77.97000000,77.98000000
1783793428400,77.97500000,77.97000000,77.98000000
1783793430445,77.97500000,77.97000000,77.98000000
1783793432570,77.97500000,77.97000000,77.98000000
1783793434717,77.97500000,77.97000000,77.98000000
1783793436776,77.97500000,77.97000000,77.98000000
1783793438917,77.97500000,77.97000000,77.98000000
1783793441056,77.97500000,77.97000000,77.98000000
1783793443191,77.97500000,77.97000000,77.98000000
1783793445323,77.97000000,77.96000000,77.98000000
1783793447458,77.95500000,77.95000000,77.96000000
1783793449592,77.95500000,77.95000000,77.96000000
1783793451731,77.95500000,77.95000000,77.96000000
1783793453869,77.95500000,77.95000000,77.96000000
1783793455925,77.95500000,77.95000000,77.96000000
1783793458068,77.95500000,77.95000000,77.96000000
1783793460218,77.95500000,77.95000000,77.96000000
1783793462347,77.95500000,77.95000000,77.96000000
1783793464483,77.95500000,77.95000000,77.96000000
1783793466529,77.95500000,77.95000000,77.96000000
1783793468665,77.95500000,77.95000000,77.96000000
1783793470824,77.95500000,77.95000000,77.96000000
1783793472965,77.95500000,77.95000000,77.96000000
1783793475142,77.95500000,77.95000000,77.96000000
1783793477294,77.95500000,77.95000000,77.96000000
1783793479439,77.95500000,77.95000000,77.96000000
1783793481561,77.95500000,77.95000000,77.96000000
1783793483700,77.95500000,77.95000000,77.96000000
1783793485758,77.95500000,77.95000000,77.96000000
1783793487908,77.95500000,77.95000000,77.96000000
1783793490047,77.95500000,77.95000000,77.96000000
1783793492192,77.95500000,77.95000000,77.96000000
1783793494330,77.95500000,77.95000000,77.96000000
1783793496451,77.95500000,77.95000000,77.96000000
1783793498597,77.95500000,77.95000000,77.96000000
1783793500734,77.95500000,77.95000000,77.96000000
1783793502872,77.95500000,77.95000000,77.96000000
1783793505019,77.95500000,77.95000000,77.96000000
1783793507154,77.95500000,77.95000000,77.96000000
1783793509291,77.95500000,77.95000000,77.96000000
1783793511437,77.95500000,77.95000000,77.96000000
1783793513580,77.95500000,77.95000000,77.96000000
1783793515654,77.95500000,77.95000000,77.96000000
1783793517778,77.95500000,77.95000000,77.96000000
1783793519929,77.95500000,77.95000000,77.96000000
1783793522079,77.95500000,77.95000000,77.96000000
1783793524221,77.95500000,77.95000000,77.96000000
1783793526364,77.95500000,77.95000000,77.96000000
1783793528505,77.95500000,77.95000000,77.96000000
1783793530650,77.95500000,77.95000000,77.96000000
1783793532785,77.95500000,77.95000000,77.96000000
